@INPROCEEDINGS{bitrot,
	title = {Fighting bit rot with types},
	author = {Martin {Odersky}, Adrian {Moors}},
	booktitle = {IARCS Annual Conference on Foundations of Software Technology and Theoretical Computer Science},
	year = {2009}
}
@inproceedings{learnlib,
 author = {Raffelt, Harald and Steffen, Bernhard and Berg, Therese},
 title = {LearnLib: a library for automata learning and experimentation},
 booktitle = {FMICS '05: Proceedings of the 10th international workshop on Formal methods for industrial critical systems},
 year = {2005},
 isbn = {1-59593-148-1},
 pages = {62--71},
 location = {Lisbon, Portugal},
 doi = {http://doi.acm.org/10.1145/1081180.1081189},
 publisher = {ACM},
 address = {New York, NY, USA},
}
@INPROCEEDINGS{multiplicity,
    author = {Amaury Habrard and Jose Oncina},
    title = {Learning multiplicity tree automata},
    booktitle = {In: Proceedings of the 8th International Colloquium on Grammatical Inference (ICGI'06). Volume 4201 of LNCS},
    year = {2006},
    publisher = {Springer}
}
@article{matfortrees,
 author = {Drewes, Frank},
 title = {MAT learners for recognizable tree languages and tree series},
 journal = {Acta Cybern.},
 volume = {19},
 number = {2},
 year = {2009},
 issn = {0324-721X},
 pages = {249--274},
 publisher = {Acta Cybernetica},
 address = {Szeged, Hungary, Hungary},
}
@inproceedings{residualfta,
 author = {Carme, Julien and Gilleron, R\'{e}mi and Lemay, Aur\'{e}lien and Terlutte, Alain and Tommasi, Marc},
 title = {Residual finite tree automata},
 booktitle = {DLT'03: Proceedings of the 7th international conference on Developments in language theory},
 year = {2003},
 isbn = {3-540-40434-1},
 pages = {171--182},
 location = {Szeged, Hungary},
 publisher = {Springer-Verlag},
 address = {Berlin, Heidelberg},
}
@inproceedings{angluinnfa,
 author = {Bollig, Benedikt and Habermehl, Peter and Kern, Carsten and Leucker, Martin},
 title = {Angluin-style learning of NFA},
 booktitle = {IJCAI'09: Proceedings of the 21st international jont conference on Artifical intelligence},
 year = {2009},
 pages = {1004--1009},
 location = {Pasadena, California, USA},
 publisher = {Morgan Kaufmann Publishers Inc.},
 address = {San Francisco, CA, USA},
}
@ARTICLE{designoflib,
    author = {Mehryar Mohri and Fernando Pereira and O Pereira and Michael Riley},
    title = {The Design Principles of a Weighted Finite-State Transducer Library},
    journal = {Theoretical Computer Science},
    year = {2000},
    volume = {231},
    pages = {17--32}
}
@article{macrottattrtt,
 author = {Engelfriet, Joost and Maneth, Sebastian},
 title = {Macro tree transducers, attribute grammars, and MSO definable tree translations},
 journal = {Inf. Comput.},
 volume = {154},
 number = {1},
 year = {1999},
 issn = {0890-5401},
 pages = {34--91},
 doi = {http://dx.doi.org/10.1006/inco.1999.2807},
 publisher = {Academic Press, Inc.},
 address = {Duluth, MN, USA},
 }
@MISC{marbles,
    author = {Frank Drewes},
    title = {Towards the Tree Automata Workbench MARBLES #},
    year = {}
}
@inproceedings{mrmacrott,
 author = {Inaba, Kazuhiro and Hosoya, Haruo and Maneth, Sebastian},
 title = {Multi-Return Macro Tree Transducers},
 booktitle = {CIAA '08: Proceedings of the 13th international conference on Implementation and Applications of Automata},
 year = {2008},
 isbn = {978-3-540-70843-8},
 pages = {102--111},
 location = {San Franciscon, CA, USA},
 doi = {http://dx.doi.org/10.1007/978-3-540-70844-5_11},
 publisher = {Springer-Verlag},
 address = {Berlin, Heidelberg},
 }
